Automatically generated by Mendeley Desktop 1.19.3
Any changes to this file will be lost if it is regenerated by Mendeley.

BibTeX export options can be customized via Options -> BibTeX in Mendeley Desktop

@article{Monfardini2008,
archivePrefix = {arXiv},
arxivId = {arXiv:1011.1669v3},
author = {Monfardini, G. and {Ah Chung Tsoi} and Hagenbuchner, M. and Scarselli, F. and Gori, M.},
doi = {10.1109/tnn.2008.2005605},
eprint = {arXiv:1011.1669v3},
isbn = {1045-9227 VO - 20},
issn = {1045-9227},
journal = {IEEE Transactions on Neural Networks},
number = {1},
pages = {61--80},
pmid = {19068426},
title = {{The Graph Neural Network Model}},
volume = {20},
year = {2008}
}
